product_name,date,stock_level,sales
BlackBerry,,96,96
Alcatel,1/3/2024,3,3
LG,9/11/2024,104,92
Xiaomi,4/25/2024,152,74
Huawei,11/20/2024,161,161
Nokia,1/2/2024,164,64
Google Pixel,8/2/2024,116,47
Nokia,1/3/2024,105,105
iPhone,3/29/2024,59,59
Lenovo,1/28/2024,72,2
Nokia,11/13/2024,26,26
LG,3/9/2024,47,47
Motorola,12/30/2024,93,
Lenovo,4/24/2024,157,157
Sony Xperia,12/31/2024,128,127
LG,3/21/2024,45,45
BlackBerry,2/11/2024,83,1
Lenovo,7/18/2024,197,25
Alcatel,11/13/2024,34,34
Samsung Galaxy,8/16/2024,160,10
Sony Xperia,6/18/2024,127,44
Xiaomi,8/1/2024,61,4
Huawei,2/19/2024,47,47
Xiaomi,2/22/2024,100,100
Xiaomi,,124,124
ZTE,11/11/2024,34,5
iPhone,2/8/2024,195,151
Motorola,10/6/2024,22,22
Alcatel,3/4/2024,115,7
OnePlus,9/17/2024,127,127
Xiaomi,6/8/2024,126,126
OnePlus,8/24/2024,139,30
Sony Xperia,5/12/2024,113,
Alcatel,11/8/2024,126,62
Alcatel,1/8/2024,175,96
Alcatel,4/24/2024,21,21
Google Pixel,8/27/2024,52,52
Alcatel,10/4/2024,119,119
Lenovo,5/12/2024,179,58
Lenovo,3/6/2024,173,166
Xiaomi,9/30/2024,73,73
Samsung Galaxy,11/12/2024,51,
Lenovo,3/30/2024,170,54
Huawei,4/17/2024,23,23
Sony Xperia,11/22/2024,192,32
Alcatel,10/29/2024,92,92
iPhone,,33,33
Alcatel,11/5/2024,32,16
Sony Xperia,1/28/2024,173,
Xiaomi,5/11/2024,178,147
LG,5/27/2024,42,42
Nokia,10/26/2024,91,64
BlackBerry,8/24/2024,26,4
ZTE,5/3/2024,139,
Nokia,5/19/2024,49,4
Samsung Galaxy,11/4/2024,19,19
Sony Xperia,2/15/2024,118,118
BlackBerry,7/22/2024,80,80
Lenovo,3/4/2024,77,77
Sony Xperia,8/11/2024,113,94
BlackBerry,10/15/2024,137,94
Google Pixel,9/21/2024,173,58
Motorola,4/18/2024,100,100
Alcatel,9/3/2024,37,37
Google Pixel,8/16/2024,80,80
Nokia,6/10/2024,87,87
HTC,11/28/2024,83,83
ZTE,7/29/2024,145,47
OnePlus,12/5/2024,40,40
Alcatel,7/21/2024,176,65
HTC,11/14/2024,139,9
LG,11/23/2024,52,52
Google Pixel,,189,68
Nokia,11/13/2024,153,26
iPhone,2/24/2024,92,92
HTC,11/5/2024,34,34
ZTE,4/5/2024,158,53
HTC,2/6/2024,68,68
iPhone,11/11/2024,67,29
Nokia,9/16/2024,168,104
Alcatel,,22,9
Nokia,1/21/2024,94,94
Google Pixel,4/14/2024,22,22
Alcatel,1/18/2024,117,56
BlackBerry,6/22/2024,48,
ZTE,3/9/2024,123,123
Motorola,4/20/2024,78,25
Motorola,10/18/2024,122,
Sony Xperia,6/26/2024,55,55
Alcatel,8/4/2024,119,100
Sony Xperia,4/9/2024,178,34
LG,6/18/2024,156,121
BlackBerry,10/15/2024,104,
Samsung Galaxy,1/12/2024,13,13
Motorola,8/12/2024,182,68
iPhone,5/22/2024,76,
iPhone,12/26/2024,146,53
Lenovo,5/26/2024,147,75
Lenovo,7/31/2024,197,139
LG,6/29/2024,68,
Nokia,7/24/2024,29,29
iPhone,6/15/2024,149,149
Samsung Galaxy,6/16/2024,42,42
Motorola,9/20/2024,35,35
Huawei,,25,25
Lenovo,7/19/2024,149,149
OnePlus,3/3/2024,116,42
iPhone,,178,161
OnePlus,1/15/2024,40,40
LG,8/26/2024,15,15
iPhone,12/9/2024,22,22
BlackBerry,9/6/2024,27,1
ZTE,8/9/2024,35,35
HTC,8/6/2024,47,47
Lenovo,9/22/2024,142,142
Huawei,11/14/2024,173,38
HTC,,1,1
Alcatel,8/6/2024,120,120
Alcatel,,29,29
Huawei,10/11/2024,12,12
Alcatel,8/28/2024,27,8
Sony Xperia,5/16/2024,31,31
Google Pixel,12/25/2024,195,35
Samsung Galaxy,8/16/2024,197,94
ZTE,2/21/2024,46,46
iPhone,6/8/2024,67,67
Huawei,2/10/2024,154,154
Xiaomi,3/11/2024,88,88
ZTE,5/19/2024,135,56
Nokia,5/14/2024,70,70
LG,1/15/2024,90,62
OnePlus,12/18/2024,149,149
ZTE,4/5/2024,81,44
Motorola,7/31/2024,73,
Sony Xperia,6/17/2024,91,29
ZTE,5/1/2024,27,27
iPhone,4/12/2024,70,70
Nokia,4/8/2024,10,10
Google Pixel,6/14/2024,119,119
Sony Xperia,9/15/2024,94,30
Xiaomi,10/1/2024,29,29
Samsung Galaxy,5/19/2024,158,40
ZTE,11/20/2024,137,65
Huawei,2/14/2024,81,
Alcatel,8/1/2024,187,30
Alcatel,10/10/2024,186,186
Alcatel,2/3/2024,73,73
Samsung Galaxy,7/13/2024,14,14
BlackBerry,1/25/2024,23,10
OnePlus,7/26/2024,109,96
Samsung Galaxy,9/19/2024,184,116
OnePlus,9/11/2024,195,163
Alcatel,8/3/2024,131,131
LG,4/27/2024,196,80
Google Pixel,12/17/2024,106,27
HTC,9/19/2024,44,44
Lenovo,3/16/2024,146,101
Alcatel,3/10/2024,94,79
BlackBerry,12/27/2024,80,80
Alcatel,4/17/2024,36,36
Samsung Galaxy,7/7/2024,126,8
OnePlus,2/20/2024,198,132
Lenovo,7/2/2024,17,17
ZTE,1/21/2024,122,52
Lenovo,3/16/2024,60,60
Samsung Galaxy,10/6/2024,98,98
LG,11/20/2024,163,51
LG,12/10/2024,82,82
Lenovo,6/24/2024,182,
Xiaomi,5/20/2024,86,28
Xiaomi,3/24/2024,105,104
ZTE,8/22/2024,161,48
Nokia,7/19/2024,46,46
ZTE,5/25/2024,43,43
HTC,10/21/2024,66,66
OnePlus,3/12/2024,13,13
ZTE,6/9/2024,115,115
Nokia,5/3/2024,111,99
Samsung Galaxy,2/8/2024,94,94
Sony Xperia,4/16/2024,179,3
Xiaomi,4/11/2024,105,105
Xiaomi,3/5/2024,66,66
Motorola,9/8/2024,47,47
Nokia,5/18/2024,11,11
HTC,8/31/2024,57,57
Alcatel,1/1/2025,120,37
Samsung Galaxy,12/14/2024,78,33
iPhone,2/3/2024,24,
LG,6/20/2024,18,18
Xiaomi,1/1/2025,167,74
Nokia,10/12/2024,123,123
HTC,5/20/2024,159,4
Lenovo,12/19/2024,13,13
LG,11/19/2024,177,45
Motorola,11/29/2024,68,57
HTC,5/10/2024,127,30
Alcatel,2/24/2024,192,7
Huawei,5/18/2024,188,79
ZTE,,161,134
Alcatel,,20,20
Nokia,8/28/2024,173,40
BlackBerry,10/6/2024,51,4
iPhone,1/13/2024,36,36
ZTE,2/13/2024,47,47
Alcatel,6/24/2024,49,49
Alcatel,12/16/2024,70,70
Samsung Galaxy,3/25/2024,15,15
LG,5/30/2024,130,130
ZTE,5/24/2024,153,55
Samsung Galaxy,11/20/2024,105,105
Samsung Galaxy,8/12/2024,22,22
BlackBerry,4/20/2024,191,152
ZTE,7/26/2024,48,48
BlackBerry,12/12/2024,178,91
HTC,,189,170
Xiaomi,,60,60
iPhone,4/23/2024,145,108
Samsung Galaxy,1/12/2024,52,14
iPhone,9/26/2024,64,64
ZTE,5/5/2024,56,56
BlackBerry,2/24/2024,174,101
Huawei,12/8/2024,192,1
Samsung Galaxy,9/27/2024,63,43
Samsung Galaxy,3/1/2024,91,91
Xiaomi,12/9/2024,191,188
iPhone,2/21/2024,99,10
Motorola,5/14/2024,73,44
Samsung Galaxy,7/23/2024,122,70
Lenovo,2/19/2024,159,4
Lenovo,11/28/2024,143,12
Google Pixel,,90,36
Samsung Galaxy,1/1/2025,80,80
Motorola,2/17/2024,187,168
iPhone,6/6/2024,70,70
HTC,9/29/2024,107,4
Alcatel,9/17/2024,10,10
LG,6/4/2024,28,28
Nokia,12/18/2024,15,15
OnePlus,12/13/2024,129,42
Samsung Galaxy,,73,6
HTC,10/20/2024,62,62
Google Pixel,1/1/2025,90,31
OnePlus,3/2/2024,7,7
Google Pixel,,100,36
BlackBerry,1/4/2024,53,53
iPhone,8/24/2024,105,105
Google Pixel,1/16/2024,117,21
iPhone,6/26/2024,184,171
BlackBerry,10/8/2024,39,21
LG,3/27/2024,144,144
Alcatel,7/30/2024,157,131
Samsung Galaxy,2/9/2024,165,50
Alcatel,5/19/2024,55,55
iPhone,6/14/2024,24,24
Nokia,4/30/2024,172,21
Alcatel,12/24/2024,40,40
OnePlus,6/13/2024,118,59
Google Pixel,12/22/2024,45,45
LG,11/6/2024,75,75
Alcatel,5/31/2024,21,21
Sony Xperia,6/5/2024,80,18
Xiaomi,4/9/2024,165,
Samsung Galaxy,7/2/2024,24,24
Motorola,7/4/2024,182,153
Google Pixel,3/17/2024,81,61
Alcatel,12/29/2024,106,
Alcatel,3/18/2024,20,20
Alcatel,9/7/2024,89,89
iPhone,8/17/2024,138,32
Alcatel,1/6/2024,61,61
LG,7/9/2024,177,128
BlackBerry,9/26/2024,181,97
Motorola,3/15/2024,22,16
Huawei,1/7/2024,99,99
BlackBerry,8/30/2024,29,29
Nokia,12/30/2024,137,32
Motorola,2/3/2024,154,40
Alcatel,5/19/2024,7,7
BlackBerry,1/20/2024,16,16
BlackBerry,4/1/2024,121,121
Samsung Galaxy,11/24/2024,163,163
iPhone,12/27/2024,97,97
Xiaomi,12/29/2024,162,157
Lenovo,11/13/2024,166,11
LG,10/17/2024,56,18
Nokia,1/5/2024,65,65
Google Pixel,6/22/2024,21,21
Lenovo,11/3/2024,116,116
iPhone,5/30/2024,48,48
ZTE,11/19/2024,78,78
Lenovo,2/17/2024,70,12
Huawei,4/23/2024,170,144
Google Pixel,11/6/2024,134,42
Alcatel,7/26/2024,96,
Lenovo,12/25/2024,108,87
OnePlus,1/3/2024,131,30
iPhone,,70,70
Lenovo,5/23/2024,153,59
Nokia,11/2/2024,41,
Xiaomi,8/13/2024,40,33
Xiaomi,5/19/2024,50,50
ZTE,5/29/2024,18,18
Huawei,6/28/2024,130,
ZTE,3/18/2024,8,8
LG,7/29/2024,26,26
Google Pixel,2/15/2024,46,46
ZTE,10/17/2024,175,175
Alcatel,7/19/2024,148,112
Lenovo,7/2/2024,170,8
Xiaomi,4/2/2024,86,86
HTC,1/2/2024,108,108
Google Pixel,9/14/2024,154,154
HTC,1/8/2024,46,46
Nokia,8/25/2024,86,23
ZTE,10/17/2024,79,
HTC,,144,144
Samsung Galaxy,2/25/2024,96,54
LG,3/7/2024,168,94
Huawei,11/15/2024,119,119
Nokia,7/26/2024,56,7
Samsung Galaxy,8/12/2024,58,58
Google Pixel,11/16/2024,66,
iPhone,1/7/2024,63,63
LG,7/10/2024,54,6
Google Pixel,6/4/2024,120,120
BlackBerry,11/28/2024,46,46
ZTE,1/13/2024,67,67
Motorola,,115,
HTC,8/28/2024,50,50
BlackBerry,5/21/2024,139,139
Samsung Galaxy,10/9/2024,124,
BlackBerry,9/15/2024,99,99
Alcatel,4/4/2024,18,18
HTC,6/19/2024,106,47
Alcatel,6/2/2024,81,81
Sony Xperia,7/13/2024,3,3
Google Pixel,5/5/2024,64,48
Nokia,6/20/2024,31,4
Xiaomi,1/14/2024,163,111
Lenovo,,96,96
Google Pixel,2/4/2024,23,23
iPhone,3/10/2024,182,148
Samsung Galaxy,7/29/2024,101,13
Samsung Galaxy,3/10/2024,37,37
Google Pixel,9/14/2024,75,
iPhone,2/15/2024,166,166
Samsung Galaxy,,137,115
Huawei,1/6/2024,91,91
ZTE,2/16/2024,20,20
ZTE,4/11/2024,100,75
Xiaomi,4/26/2024,117,117
Sony Xperia,6/29/2024,158,113
Lenovo,7/30/2024,39,39
Lenovo,5/20/2024,51,
LG,2/19/2024,43,
Nokia,5/1/2024,130,64
Sony Xperia,2/23/2024,108,108
ZTE,12/2/2024,31,31
Google Pixel,,6,6
Alcatel,12/21/2024,136,136
BlackBerry,7/28/2024,59,59
Motorola,5/28/2024,159,159
Huawei,7/28/2024,115,8
HTC,9/12/2024,133,
LG,4/22/2024,128,73
Sony Xperia,11/11/2024,167,80
iPhone,4/7/2024,79,79
Huawei,2/24/2024,81,81
Huawei,8/6/2024,20,20
Sony Xperia,6/19/2024,42,42
Nokia,7/15/2024,84,84
Samsung Galaxy,3/12/2024,77,77
Google Pixel,11/16/2024,49,31
iPhone,4/18/2024,17,12
Nokia,5/16/2024,37,37
Nokia,10/19/2024,38,27
Huawei,7/25/2024,9,9
Google Pixel,6/12/2024,196,29
OnePlus,6/7/2024,123,123
Lenovo,1/12/2024,37,37
OnePlus,10/3/2024,7,7
Motorola,3/2/2024,21,21
HTC,7/9/2024,36,36
Sony Xperia,7/21/2024,180,22
BlackBerry,12/18/2024,2,2
HTC,10/20/2024,68,68
Nokia,4/17/2024,107,107
BlackBerry,5/4/2024,145,145
Google Pixel,9/29/2024,35,3
Xiaomi,10/29/2024,56,19
BlackBerry,2/16/2024,105,105
Motorola,2/5/2024,80,80
Sony Xperia,9/3/2024,144,25
iPhone,1/9/2024,4,4
Xiaomi,,142,142
LG,10/11/2024,54,54
BlackBerry,7/14/2024,189,65
Huawei,12/21/2024,125,67
HTC,6/9/2024,76,76
Sony Xperia,7/31/2024,145,42
BlackBerry,11/27/2024,151,45
Samsung Galaxy,1/11/2024,20,8
Motorola,6/1/2024,158,83
Alcatel,9/11/2024,48,48
Lenovo,4/10/2024,23,23
Motorola,,104,
ZTE,12/31/2024,131,29
Huawei,10/1/2024,29,29
Motorola,3/10/2024,167,9
Sony Xperia,1/4/2024,8,8
OnePlus,12/7/2024,154,113
Samsung Galaxy,12/9/2024,172,47
LG,2/26/2024,77,77
Samsung Galaxy,12/23/2024,159,
Alcatel,3/9/2024,184,45
Huawei,1/18/2024,30,30
Nokia,,199,108
Google Pixel,12/25/2024,174,174
Nokia,12/2/2024,170,170
Huawei,2/9/2024,165,105
Samsung Galaxy,10/8/2024,118,118
Lenovo,11/30/2024,46,
Huawei,9/12/2024,122,61
Xiaomi,11/8/2024,9,9
Alcatel,8/25/2024,104,104
HTC,5/31/2024,72,49
Samsung Galaxy,5/6/2024,36,36
ZTE,11/20/2024,106,106
LG,7/3/2024,118,60
ZTE,9/1/2024,95,95
Lenovo,5/26/2024,67,67
Google Pixel,12/21/2024,197,161
OnePlus,9/17/2024,176,74
Google Pixel,7/12/2024,23,23
BlackBerry,11/26/2024,51,51
Xiaomi,4/8/2024,116,82
LG,5/6/2024,47,47
Huawei,7/6/2024,63,63
ZTE,4/17/2024,109,109
Sony Xperia,4/24/2024,54,54
OnePlus,11/4/2024,16,16
ZTE,9/24/2024,187,55
Sony Xperia,,23,23
OnePlus,8/30/2024,178,
iPhone,11/26/2024,116,10
Motorola,4/12/2024,60,60
Alcatel,10/13/2024,145,123
LG,10/22/2024,184,
Motorola,10/3/2024,42,42
HTC,9/11/2024,121,121
Google Pixel,6/20/2024,116,36
Xiaomi,7/19/2024,7,7
Alcatel,3/1/2024,197,16
BlackBerry,4/3/2024,47,
OnePlus,,164,10
Motorola,,112,20
HTC,2/3/2024,81,81
Huawei,2/25/2024,73,18
Sony Xperia,1/25/2024,161,129
Nokia,6/17/2024,174,174
ZTE,4/20/2024,154,141
HTC,10/5/2024,111,110
Samsung Galaxy,5/31/2024,97,14
LG,7/22/2024,60,60
Lenovo,12/30/2024,167,167
LG,12/21/2024,6,6
BlackBerry,,138,35
Nokia,10/12/2024,190,112
iPhone,4/20/2024,174,31
OnePlus,6/22/2024,123,119
Lenovo,11/14/2024,168,131
LG,8/30/2024,120,93
Lenovo,5/22/2024,63,40
LG,12/4/2024,125,96
HTC,7/3/2024,164,33
Alcatel,1/7/2024,156,109
Lenovo,8/13/2024,102,97
iPhone,12/3/2024,41,22
OnePlus,12/15/2024,74,38
Lenovo,8/22/2024,181,181
ZTE,1/16/2024,76,76
Lenovo,3/15/2024,120,
LG,5/23/2024,84,84
Google Pixel,8/29/2024,7,7
Lenovo,9/26/2024,76,76
iPhone,11/8/2024,133,133
BlackBerry,10/20/2024,95,85
OnePlus,8/22/2024,191,128
HTC,1/3/2024,74,74
Google Pixel,6/5/2024,7,7
LG,2/21/2024,65,65
OnePlus,5/15/2024,2,2
BlackBerry,8/23/2024,160,120
Xiaomi,6/29/2024,4,4
LG,9/23/2024,31,31
iPhone,2/27/2024,156,30
Samsung Galaxy,5/6/2024,39,39
Alcatel,10/20/2024,155,21
Motorola,7/29/2024,72,72
HTC,1/17/2024,97,13
Xiaomi,8/20/2024,13,13
Huawei,,82,34
ZTE,12/3/2024,173,81
Xiaomi,6/28/2024,161,22
Lenovo,,95,95
ZTE,12/23/2024,88,88
Google Pixel,3/13/2024,1,
Alcatel,5/23/2024,49,49
Motorola,6/3/2024,8,8
Nokia,3/18/2024,146,114
iPhone,2/9/2024,116,39
LG,7/20/2024,29,
Google Pixel,6/5/2024,75,75
Motorola,,35,
BlackBerry,1/3/2024,197,119
Sony Xperia,2/12/2024,187,167
Google Pixel,10/16/2024,65,
Samsung Galaxy,5/24/2024,98,98
iPhone,9/3/2024,58,35
BlackBerry,9/22/2024,119,89
Google Pixel,12/23/2024,27,27
Samsung Galaxy,6/22/2024,39,39
Samsung Galaxy,10/20/2024,68,12
Sony Xperia,7/10/2024,40,40
Alcatel,10/8/2024,172,83
LG,3/7/2024,193,70
Nokia,4/8/2024,179,40
BlackBerry,5/9/2024,124,124
Samsung Galaxy,10/5/2024,116,116
LG,5/6/2024,184,143
Alcatel,8/30/2024,99,52
LG,4/11/2024,199,155
HTC,12/22/2024,126,17
LG,7/26/2024,106,49
Huawei,3/18/2024,127,127
Lenovo,8/24/2024,177,49
Sony Xperia,2/29/2024,6,6
Lenovo,9/23/2024,48,44
Samsung Galaxy,11/23/2024,111,111
ZTE,,170,138
HTC,3/8/2024,198,186
OnePlus,4/17/2024,72,9
LG,3/18/2024,44,44
Motorola,10/27/2024,57,54
Alcatel,9/7/2024,34,34
Huawei,7/16/2024,154,
HTC,,143,35
LG,5/20/2024,11,11
Sony Xperia,7/3/2024,109,109
Nokia,7/13/2024,72,72
Motorola,5/31/2024,52,52
BlackBerry,6/7/2024,139,139
Xiaomi,5/5/2024,39,
ZTE,3/14/2024,79,79
HTC,12/14/2024,68,68
BlackBerry,4/26/2024,36,36
HTC,6/17/2024,77,77
Huawei,5/31/2024,128,76
ZTE,12/27/2024,125,84
Alcatel,2/5/2024,118,118
LG,5/10/2024,124,27
Xiaomi,9/2/2024,19,19
Huawei,12/31/2024,108,20
iPhone,7/12/2024,37,37
Lenovo,7/26/2024,138,133
Samsung Galaxy,3/30/2024,28,28
HTC,10/20/2024,73,73
OnePlus,11/4/2024,85,6
iPhone,6/7/2024,10,10
Motorola,9/16/2024,114,27
Google Pixel,7/31/2024,37,37
Motorola,10/18/2024,76,76
iPhone,8/1/2024,22,22
LG,11/27/2024,143,143
Xiaomi,,27,27
Sony Xperia,6/30/2024,41,23
Huawei,5/12/2024,85,85
Samsung Galaxy,12/11/2024,81,81
Xiaomi,,30,30
Alcatel,6/15/2024,161,24
Motorola,2/17/2024,106,106
Nokia,10/18/2024,7,7
iPhone,10/2/2024,127,127
Nokia,5/26/2024,106,20
OnePlus,10/19/2024,134,72
Motorola,11/26/2024,65,65
BlackBerry,5/3/2024,176,151
Xiaomi,2/16/2024,3,3
Nokia,12/9/2024,39,4
ZTE,4/6/2024,181,83
Xiaomi,3/9/2024,76,
Sony Xperia,8/6/2024,170,
Sony Xperia,10/3/2024,19,19
iPhone,7/5/2024,17,17
Motorola,12/20/2024,191,22
Xiaomi,5/8/2024,184,151
iPhone,8/30/2024,37,37
HTC,9/27/2024,159,77
Lenovo,1/11/2024,100,100
Alcatel,2/10/2024,56,56
Alcatel,5/24/2024,138,138
Alcatel,2/11/2024,44,44
LG,,53,29
Google Pixel,9/27/2024,144,17
Samsung Galaxy,,75,29
Sony Xperia,12/31/2024,181,20
HTC,7/30/2024,100,100
Nokia,7/26/2024,27,27
Google Pixel,6/19/2024,114,86
Alcatel,5/13/2024,172,110
Huawei,11/21/2024,113,113
Google Pixel,1/16/2024,109,48
Motorola,8/27/2024,114,64
Google Pixel,3/22/2024,103,23
Samsung Galaxy,7/23/2024,53,
BlackBerry,5/29/2024,143,50
LG,6/29/2024,79,18
Samsung Galaxy,9/7/2024,50,46
Xiaomi,6/8/2024,153,14
Sony Xperia,2/24/2024,49,49
Xiaomi,2/11/2024,81,81
Lenovo,6/4/2024,189,140
Sony Xperia,,70,14
Samsung Galaxy,9/7/2024,83,62
OnePlus,5/2/2024,128,73
Nokia,1/21/2024,19,1
LG,3/14/2024,139,139
Sony Xperia,8/23/2024,3,3
HTC,7/18/2024,171,149
Alcatel,9/28/2024,161,136
Samsung Galaxy,4/28/2024,154,72
ZTE,7/10/2024,105,105
Huawei,6/11/2024,176,7
Motorola,,98,32
Motorola,9/15/2024,185,35
Huawei,6/1/2024,150,81
Samsung Galaxy,6/23/2024,191,2
Nokia,3/16/2024,135,
ZTE,8/6/2024,100,76
OnePlus,6/10/2024,97,97
Alcatel,3/28/2024,185,185
Huawei,5/17/2024,43,43
iPhone,9/9/2024,16,16
Xiaomi,7/18/2024,192,161
iPhone,10/17/2024,29,29
HTC,,158,40
HTC,4/1/2024,67,67
Alcatel,10/11/2024,120,1
HTC,11/17/2024,164,21
Lenovo,1/24/2024,175,164
ZTE,,146,146
Huawei,12/20/2024,187,53
Huawei,11/9/2024,36,36
HTC,3/19/2024,77,77
BlackBerry,7/31/2024,196,
Xiaomi,7/28/2024,131,131
OnePlus,11/30/2024,41,41
Motorola,10/18/2024,80,80
Huawei,6/21/2024,191,46
Nokia,8/30/2024,158,50
Xiaomi,3/31/2024,171,150
ZTE,3/24/2024,120,21
Huawei,7/13/2024,79,79
Motorola,2/14/2024,173,101
Lenovo,11/13/2024,23,23
HTC,11/18/2024,15,15
BlackBerry,2/21/2024,115,73
Xiaomi,7/10/2024,78,58
BlackBerry,5/28/2024,33,12
ZTE,8/24/2024,34,34
Motorola,5/28/2024,2,2
ZTE,6/9/2024,24,24
Xiaomi,,172,131
Lenovo,1/7/2024,138,9
Alcatel,4/19/2024,119,4
Samsung Galaxy,4/2/2024,130,113
Alcatel,1/16/2024,121,72
Lenovo,11/18/2024,136,76
Lenovo,8/14/2024,24,24
BlackBerry,11/21/2024,164,139
ZTE,9/14/2024,94,94
BlackBerry,9/28/2024,135,135
Sony Xperia,10/1/2024,132,111
Nokia,5/7/2024,111,107
Google Pixel,7/4/2024,149,9
ZTE,5/23/2024,40,40
Sony Xperia,5/30/2024,122,25
Nokia,1/24/2024,105,44
ZTE,12/15/2024,76,76
ZTE,5/25/2024,57,55
LG,12/18/2024,47,37
Huawei,7/15/2024,198,44
Huawei,7/1/2024,167,8
OnePlus,4/3/2024,157,157
Motorola,12/12/2024,171,130
Motorola,4/13/2024,31,31
Xiaomi,7/7/2024,5,5
HTC,7/24/2024,198,40
Xiaomi,7/5/2024,12,12
HTC,8/11/2024,175,80
Samsung Galaxy,2/20/2024,32,
Motorola,3/26/2024,136,27
OnePlus,3/6/2024,123,85
OnePlus,11/23/2024,189,59
Huawei,7/18/2024,63,63
LG,2/19/2024,47,29
Alcatel,1/27/2024,192,147
Alcatel,10/6/2024,49,49
BlackBerry,3/21/2024,117,117
iPhone,10/8/2024,63,17
Sony Xperia,10/3/2024,130,130
Lenovo,,54,54
Google Pixel,7/28/2024,127,127
HTC,3/12/2024,162,158
Nokia,4/27/2024,180,138
LG,2/18/2024,47,47
Google Pixel,9/4/2024,121,53
Motorola,2/2/2024,104,104
ZTE,5/19/2024,132,60
Lenovo,4/23/2024,51,51
Nokia,12/10/2024,113,20
Samsung Galaxy,,126,126
Huawei,4/15/2024,157,134
ZTE,8/8/2024,167,43
Sony Xperia,3/31/2024,111,111
Huawei,1/3/2024,198,65
Samsung Galaxy,12/23/2024,179,149
ZTE,7/14/2024,107,37
Lenovo,1/9/2024,22,22
BlackBerry,12/16/2024,157,
Xiaomi,12/2/2024,4,4
BlackBerry,3/20/2024,105,105
BlackBerry,3/16/2024,128,117
Nokia,9/16/2024,64,64
Nokia,12/23/2024,33,18
HTC,,7,7
Alcatel,3/7/2024,82,65
Motorola,8/9/2024,31,31
iPhone,4/15/2024,124,124
LG,8/14/2024,165,86
Alcatel,10/1/2024,53,53
Nokia,5/31/2024,63,12
Huawei,8/16/2024,138,138
BlackBerry,3/26/2024,7,7
Nokia,5/10/2024,80,80
iPhone,6/3/2024,63,22
Huawei,8/23/2024,151,147
Alcatel,7/28/2024,12,12
HTC,2/11/2024,85,85
Sony Xperia,6/5/2024,6,6
Alcatel,3/3/2024,111,69
Xiaomi,11/10/2024,87,25
Motorola,10/16/2024,186,122
Google Pixel,3/15/2024,52,52
ZTE,11/28/2024,41,41
ZTE,8/31/2024,120,102
Huawei,2/7/2024,39,39
iPhone,9/28/2024,86,86
Alcatel,7/28/2024,193,122
HTC,5/5/2024,175,107
Xiaomi,,188,16
Alcatel,12/20/2024,49,49
Lenovo,5/21/2024,168,29
Motorola,3/20/2024,108,96
Huawei,8/30/2024,6,6
ZTE,10/22/2024,163,38
Xiaomi,7/25/2024,15,6
Nokia,11/28/2024,31,31
OnePlus,4/25/2024,149,124
Google Pixel,12/16/2024,96,96
LG,6/9/2024,142,142
iPhone,1/21/2024,145,64
Nokia,11/16/2024,9,9
Alcatel,7/15/2024,128,128
OnePlus,5/15/2024,183,176
Sony Xperia,9/22/2024,109,83
Huawei,9/16/2024,58,47
iPhone,5/27/2024,101,101
Google Pixel,4/18/2024,15,15
Lenovo,4/6/2024,193,76
Samsung Galaxy,8/23/2024,191,140
iPhone,3/30/2024,39,2
Sony Xperia,3/4/2024,78,78
Lenovo,7/17/2024,170,161
HTC,9/23/2024,12,12
Lenovo,6/21/2024,122,10
BlackBerry,5/8/2024,45,41
Sony Xperia,3/31/2024,2,2
Nokia,5/9/2024,166,102
Xiaomi,1/26/2024,119,
Samsung Galaxy,9/25/2024,50,50
Google Pixel,1/20/2024,41,41
HTC,3/24/2024,37,37
Samsung Galaxy,7/8/2024,121,121
Google Pixel,11/12/2024,184,127
BlackBerry,8/13/2024,109,109
LG,5/14/2024,2,2
OnePlus,7/5/2024,9,9
iPhone,3/14/2024,188,93
OnePlus,10/19/2024,10,10
Huawei,10/30/2024,50,50
OnePlus,7/21/2024,135,135
Alcatel,,166,
Nokia,1/21/2024,55,55
ZTE,5/15/2024,48,48
Google Pixel,7/16/2024,67,67
Alcatel,10/14/2024,94,64
Google Pixel,12/15/2024,31,31
ZTE,6/7/2024,71,41
Sony Xperia,7/4/2024,171,130
BlackBerry,2/28/2024,180,1
Xiaomi,9/20/2024,133,53
Google Pixel,1/28/2024,61,61
Sony Xperia,12/18/2024,165,4
Google Pixel,2/6/2024,173,65
Xiaomi,7/18/2024,162,56
OnePlus,12/10/2024,35,35
LG,10/11/2024,88,88
Xiaomi,5/2/2024,95,95
ZTE,5/29/2024,51,51
Google Pixel,2/7/2024,93,20
Lenovo,2/21/2024,131,113
BlackBerry,3/23/2024,118,62
iPhone,4/11/2024,43,43
Motorola,1/2/2024,95,95
OnePlus,4/30/2024,59,6
Samsung Galaxy,3/26/2024,95,95
Google Pixel,7/16/2024,55,55
Sony Xperia,7/7/2024,35,35
Alcatel,7/2/2024,50,50
OnePlus,10/1/2024,81,50
Huawei,7/14/2024,35,35
HTC,11/10/2024,122,69
HTC,3/11/2024,190,189
Nokia,9/18/2024,129,35
Xiaomi,8/17/2024,77,77
ZTE,3/24/2024,73,73
Lenovo,12/4/2024,176,127
iPhone,1/30/2024,155,53
LG,8/31/2024,167,24
iPhone,2/18/2024,120,
OnePlus,12/28/2024,35,
Lenovo,4/23/2024,149,32
ZTE,6/10/2024,24,24
Motorola,7/12/2024,105,99
Huawei,4/5/2024,9,4
OnePlus,6/15/2024,30,19
ZTE,1/31/2024,89,89
Samsung Galaxy,1/21/2024,107,107
Huawei,12/13/2024,14,14
BlackBerry,1/30/2024,71,47
HTC,6/29/2024,36,36
LG,10/22/2024,158,110
iPhone,10/13/2024,134,74
Huawei,2/3/2024,79,79
ZTE,1/11/2024,137,91
Sony Xperia,11/28/2024,8,8
Xiaomi,1/26/2024,142,142
Lenovo,1/26/2024,144,137
OnePlus,5/23/2024,8,8
Motorola,8/30/2024,100,73
Sony Xperia,7/17/2024,123,116
HTC,9/11/2024,143,26
iPhone,8/31/2024,20,20
Nokia,3/22/2024,192,145
HTC,2/7/2024,176,145
ZTE,5/18/2024,30,30
Lenovo,2/12/2024,199,126
HTC,1/27/2024,85,
iPhone,6/10/2024,137,124
BlackBerry,12/23/2024,149,34
Samsung Galaxy,2/21/2024,85,84
Huawei,1/24/2024,190,
Xiaomi,2/17/2024,8,8
Sony Xperia,9/2/2024,173,99
Samsung Galaxy,5/24/2024,93,59
Nokia,11/10/2024,187,
Lenovo,11/16/2024,172,29
LG,6/22/2024,57,22
Nokia,12/12/2024,73,7
Google Pixel,3/15/2024,135,135
Motorola,2/8/2024,198,5
Samsung Galaxy,6/23/2024,33,33
Xiaomi,2/2/2024,3,3
Samsung Galaxy,12/9/2024,136,130
Google Pixel,3/3/2024,166,166
Alcatel,,142,142
iPhone,12/29/2024,11,11
Lenovo,12/5/2024,176,143
Nokia,2/13/2024,125,93
LG,8/1/2024,8,
LG,6/7/2024,93,72
iPhone,8/23/2024,22,22
Nokia,4/2/2024,126,108
Google Pixel,1/10/2024,155,20
OnePlus,9/7/2024,56,56
Xiaomi,3/9/2024,67,
LG,5/6/2024,197,125
Huawei,6/10/2024,14,14
iPhone,6/1/2024,24,24
HTC,5/21/2024,113,88
Alcatel,6/25/2024,59,59
Sony Xperia,7/30/2024,77,77
BlackBerry,4/4/2024,187,102
Sony Xperia,7/17/2024,39,39
Xiaomi,5/14/2024,178,168
Motorola,2/19/2024,103,66
Xiaomi,8/17/2024,81,79
Xiaomi,10/9/2024,159,43
Nokia,3/4/2024,102,
ZTE,,155,36
Lenovo,1/7/2024,151,58
BlackBerry,1/17/2024,23,23
Huawei,7/6/2024,149,50
iPhone,11/6/2024,80,80
Samsung Galaxy,9/30/2024,84,84
Huawei,4/2/2024,168,42
ZTE,9/8/2024,89,89
Samsung Galaxy,5/3/2024,16,16
ZTE,10/26/2024,92,92
Motorola,11/15/2024,153,80
LG,2/18/2024,17,3
Lenovo,11/25/2024,52,52
Google Pixel,5/25/2024,128,128
Huawei,1/21/2024,145,67
Alcatel,10/13/2024,179,120
Motorola,4/18/2024,184,183
HTC,,118,
Xiaomi,12/12/2024,127,7
HTC,3/24/2024,114,5
Samsung Galaxy,5/5/2024,71,14
Google Pixel,9/15/2024,38,38
Nokia,2/19/2024,87,47
BlackBerry,1/6/2024,40,40
Nokia,2/29/2024,86,86
Nokia,8/31/2024,166,11
LG,,82,82
Sony Xperia,,92,92
Nokia,4/28/2024,154,53
Alcatel,11/1/2024,52,52
Nokia,,164,164
BlackBerry,4/15/2024,174,
Sony Xperia,10/19/2024,146,40
Sony Xperia,,86,86
Huawei,8/10/2024,173,61
Xiaomi,11/8/2024,61,
Huawei,3/14/2024,159,74
Huawei,5/11/2024,131,58
Google Pixel,2/24/2024,126,20
Motorola,12/15/2024,51,51
Sony Xperia,10/23/2024,54,54
Alcatel,2/29/2024,87,19
Lenovo,5/10/2024,42,42
LG,3/25/2024,186,96
Xiaomi,11/30/2024,114,87
Motorola,1/1/2025,57,57
Lenovo,6/18/2024,189,88
Huawei,,56,56
Samsung Galaxy,10/8/2024,183,104
Motorola,2/18/2024,63,2
LG,10/26/2024,110,110
Xiaomi,11/27/2024,120,61
Huawei,8/11/2024,197,156
Google Pixel,11/17/2024,152,152
Sony Xperia,1/29/2024,64,64
Lenovo,1/21/2024,9,9
BlackBerry,11/27/2024,30,30
Sony Xperia,4/23/2024,17,17
Motorola,10/27/2024,137,137
Motorola,5/28/2024,166,122
Lenovo,9/9/2024,13,13
ZTE,6/13/2024,139,70
Alcatel,7/19/2024,149,149
HTC,3/7/2024,103,103
OnePlus,5/13/2024,161,5
Huawei,2/3/2024,176,60
Huawei,11/24/2024,93,83
ZTE,5/13/2024,41,41
OnePlus,11/30/2024,134,134
Xiaomi,3/14/2024,79,79
Huawei,5/15/2024,188,186
ZTE,7/6/2024,134,46
Motorola,1/10/2024,89,89
Alcatel,10/20/2024,25,25
ZTE,,198,135
OnePlus,10/31/2024,97,94
LG,2/2/2024,116,58
BlackBerry,5/20/2024,60,
Lenovo,5/25/2024,78,12
Alcatel,6/28/2024,72,
Huawei,9/18/2024,200,177
Motorola,10/24/2024,65,25
Google Pixel,10/9/2024,6,6
ZTE,3/7/2024,150,46
Lenovo,1/1/2025,125,
Motorola,,58,54
BlackBerry,7/23/2024,100,38
iPhone,7/6/2024,95,
Google Pixel,12/2/2024,108,
LG,11/2/2024,95,56
